@inproceedings{wei2012android,
  title={Android malware detection via a latent network behavior analysis},
  author={Wei, Te-En and Mao, Ching-Hao and Jeng, Albert B and Lee, Hahn-Ming and Wang, Horng-Tzer and Wu, Dong-Jie},
  booktitle={Proc. of IEEE TrustCom},
  pages={1251--1258},
  year={2012},
  organization={IEEE}
}

@inproceedings{vallina2013rilanalyzer,
  title={Rilanalyzer: a comprehensive 3g monitor on your phone},
  author={Vallina-Rodriguez, Narseo and Au{\c{c}}inas, Andrius and Almeida, Mario and Grunenberger, Yan and Papagiannaki, Konstantina and Crowcroft, Jon},
  booktitle={Proceedings of the 2013 conference on Internet measurement conference}，
  pages={257--264},
  year={2013},
  organization={ACM}
}
@inproceedings{dai2013networkprofiler,
  title={Networkprofiler: Towards automatic fingerprinting of android apps},
  author={Dai, Shuaifu and Tongaonkar, Alok and Wang, Xiaoyin and Nucci, Antonio and Song, Dawn},
  booktitle={INFOCOM, 2013 Proceedings IEEE},
  pages={809--817},
  year={2013},
  organization={IEEE}
}
@inproceedings{zhou2012dissecting,
  title={Dissecting android malware: Characterization and evolution},
  author={Zhou, Yajin and Jiang, Xuxian},
  booktitle={Security and Privacy (SP), 2012 IEEE Symposium on},
  pages={95--109},
  year={2012},
  organization={IEEE}
}
@inproceedings{fengguo2014inter,
  title={A Precise and General Inter-component Data Flow Analysis Framework for Security Vetting of Android Apps},
  author={Fengguo Wei, Sankardas Roy, Xinming Ou, Robby},
  booktitle={Security and Privacy (SP), 2014 IEEE Symposium on},
  year={2014},
  organization={IEEE}
}
@inproceedings{crussell2014madfraud,
  title={MAdFraud: investigating ad fraud in android applications},
  author={Crussell, Jonathan and Stevens, Ryan and Chen, Hao},
  booktitle={Proc. of MobiSys},
  year={2014},
  organization={ACM}
}
@inproceedings{qu2014autocog,
  title={AutoCog: Measuring the Description-to-permission Fidelity in Android Applications},
  author={Qu, Zhengyang and Rastogi, Vaibhav and Zhang, Xinyi and Chen, Yan and Zhu, Tiantian and Chen, Zhong},
  booktitle={Proc. of ACM CCS},
  year={2014},
  organization={ACM}
}
@inproceedings{bickford2011security,
  title={Security versus energy tradeoffs in host-based mobile malware detection},
  author={Bickford, Jeffrey and Lagar-Cavilla, H Andr{\'e}s and Varshavsky, Alexander and Ganapathy, Vinod and Iftode, Liviu},
  booktitle={Proceedings of the 9th international conference on Mobile systems, applications, and services},
  pages={225--238},
  year={2011},
  organization={ACM}
}
@inproceedings{burguera2011crowdroid,
  title={Crowdroid: behavior-based malware detection system for android},
  author={Burguera, Iker and Zurutuza, Urko and Nadjm-Tehrani, Simin},
  booktitle={Proceedings of the 1st ACM workshop on Security and privacy in smartphones and mobile devices},
  pages={15--26},
  year={2011},
  organization={ACM}
}
@inproceedings{xu2012aurasium,
  title={Aurasium: Practical Policy Enforcement for Android Applications.},
  author={Xu, Rubin and Sa{\"\i}di, Hassen and Anderson, Ross},
  booktitle={USENIX Security Symposium},
  pages={539--552},
  year={2012}
}
@incollection{dini2012madam,
  title={Madam: a multi-level anomaly detector for android malware},
  author={Dini, Gianluca and Martinelli, Fabio and Saracino, Andrea and Sgandurra, Daniele},
  booktitle={Computer Network Security},
  pages={240--253},
  year={2012},
  publisher={Springer}
}

@inproceedings{viswanath2014towards,
  title={Towards detecting anomalous user behavior in online social networks},
  author={Viswanath, Bimal and Bashir, M Ahmad and Crovella, Mark and Guha, Saikat and India, MSR and Gummadi, Krishna P and Krishnamurthy, Balachander and Mislove, Alan},
  booktitle={Proceedings of the 23rd USENIX Security Symposium},
  year={2014}
}

@inproceedings{michalevsky2014gyrophone,
  title={Gyrophone: recognizing speech from gyroscope signals},
  author={Michalevsky, Yan and Boneh, Dan and Nakibly, Gabi},
  booktitle={Proc. 23rd USENIX Security Symposium (SEC’14), USENIX Association},
  year={2014}
}

@inproceedings{agarwal2013protectmyprivacy,
  title={ProtectMyPrivacy: detecting and mitigating privacy leaks on iOS devices using crowdsourcing},
  author={Agarwal, Yuvraj and Hall, Malcolm},
  booktitle={Proceeding of the 11th annual international conference on Mobile systems, applications, and services},
  pages={97--110},
  year={2013},
  organization={ACM}
}

@inproceedings{pan2011composite,
  title={Composite Social Network for Predicting Mobile Apps Installation.},
  author={Pan, Wei and Aharony, Nadav and Pentland, Alex},
  booktitle={AAAI},
  year={2011}
}

@inproceedings{yang2013appintent,
  title={Appintent: Analyzing sensitive data transmission in android for privacy leakage detection},
  author={Yang, Zhemin and Yang, Min and Zhang, Yuan and Gu, Guofei and Ning, Peng and Wang, X Sean},
  booktitle={Proc. of ACM CCS},
  pages={1043--1054},
  year={2013},
  organization={ACM}
}

@inproceedings{pandita2013whyper,
  title={WHYPER: Towards Automating Risk Assessment of Mobile Applications.},
  author={Pandita, Rahul and Xiao, Xusheng and Yang, Wei and Enck, William and Xie, Tao},
  booktitle={USENIX Security},
  volume={13},
  year={2013}
}

@inproceedings{gorla2014checking,
  title={Checking app behavior against app descriptions},
  author={Gorla, Alessandra and Tavecchia, Ilaria and Gross, Florian and Zeller, Andreas},
  booktitle={Proc. of ICSE},
  pages={1025--1035},
  year={2014},
  organization={ACM}
}

@inproceedings{huang2014asdroid,
  title={AsDroid: Detecting stealthy behaviors in android applications by user interface and program behavior contradiction},
  author={Huang, Jianjun and Zhang, Xiangyu and Tan, Lin and Wang, Peng and Liang, Bin},
  booktitle={Proc. of ICSE},
  pages={1036--1046},
  year={2014},
  organization={ACM}
}

@inproceedings{jing2014riskmon,
  title={Riskmon: Continuous and automated risk assessment of mobile applications},
  author={Jing, Yiming and Ahn, Gail-Joon and Zhao, Ziming and Hu, Hongxin},
  booktitle={Proceedings of the 4th ACM Conference on Data and Application Security and Privacy},
  pages={99--110},
  year={2014},
  organization={ACM}
}

@inproceedings{arzt2014flowdroid,
  title={Flowdroid: Precise context, flow, field, object-sensitive and lifecycle-aware taint analysis for android apps},
  author={Arzt, Steven and Rasthofer, Siegfried and Fritz, Christian and Bodden, Eric and Bartel, Alexandre and Klein, Jacques and Le Traon, Yves and Octeau, Damien and McDaniel, Patrick},
  booktitle={Proc. of PLDI},
  year={2014},
  organization={ACM}
}

@inproceedings{yangappcontext,
  title={AppContext: Differentiating Malicious and Benign Mobile App Behaviors Using Context},
  author={Yang, Wei and Xiao, Xusheng and Andow, Benjamin and Li, Sihan and Xie, Tao and Enck, William},
  booktitle={Proceedings of the 37th International Conference on Software Engineering},
  year={2015},
  organization={ACM}
}

@article{mislabeled-1999,
  title={Identifying Mislabeled Training Data},
  author={Carla E. Brodley and Mark A. Friedl},
  journal={Journal of Artifial Intellengence Research},
  volume={11},
  year={1999}
}

@article{enck2014taintdroid,
  title={TaintDroid: an information-flow tracking system for realtime privacy monitoring on smartphones},
  author={Enck, William and Gilbert, Peter and Han, Seungyeop and Tendulkar, Vasant and Chun, Byung-Gon and Cox, Landon P and Jung, Jaeyeon and McDaniel, Patrick and Sheth, Anmol N},
  journal={ACM Transactions on Computer Systems (TOCS)},
  volume={32},
  number={2},
  pages={5},
  year={2014},
  publisher={ACM}
}

@inproceedings{tripp2014bayesian,
  title={A bayesian approach to privacy enforcement in smartphones},
  author={Tripp, Omer and Rubin, Julia},
  booktitle={Proc. of USENIX Security},
  year={2014}
}

@inproceedings{url-lexical,
  title={Beyond Blacklists: Learning to Detect Malicious Web Sites from Suspicious URLs},
  author={Justin Ma and Lawrence K. Saul and Stefan Savage and Geoffrey M. Voelker},
  booktitle={Proc of KDD},
  year={2009}
}

@inproceedings{demystify,
 author = {Kim, Hyunchul and Claffy, KC and Fomenkov, Marina and Barman, Dhiman and Faloutsos, Michalis and Lee, KiYoung},
 title = {Internet traffic classification demystified: myths, caveats, and the best practices},
 booktitle = {ACM CoNEXT},
 year = {2008}
}


@misc{google-english,
  howpublished = "\url{https://github.com/first20hours/google-10000-english}",
}

@inproceedings{localization,
  title={Contextual localization through network traffic analysis},
  author={Das, Amal K and Pathak, Parth H and Chuah, Chen-Nee and Mohapatra, Prasant},
  booktitle={IEEE INFOCOM},
  year={2014}
}

@inproceedings{nsdi-clustering,
 author = {Perdisci, Roberto and Lee, Wenke and Feamster, Nick},
 title = {Behavioral Clustering of HTTP-based Malware and Signature Generation Using Malicious Network Traces},
 booktitle = {USENIX NSDI},
 year = {2010}
}

@article{paturi2015introducing,
  title={Introducing Privacy Threats from Ad Libraries to Android Users Through Privacy Granules},
  author={Paturi, Anand and Kelley, Patrick Gage and Mazumdar, Subhasish},
  year={2015}
}

@inproceedings{anomaly1,
  title={Detecting anomalies in network traffic using maximum entropy estimation},
  author={Gu, Yu and McCallum, Andrew and Towsley, Don},
  booktitle={5th ACM SIGCOMM conference on Internet Measurement},
  year={2005}
}

@inproceedings{anomaly2,
 author = {Ahmed, Tarem and Oreshkin, Boris and Coates, Mark},
 title = {Machine Learning Approaches to Network Anomaly Detection},
 booktitle = {USENIX Workshop on Tackling Computer Systems Problems with Machine Learning Techniques},
 year = {2007}
}

@misc{libsvm,
  title = {LIBSVM -- A Library for Support Vector Machines},
  howpublished = "\url{https://www.csie.ntu.edu.tw/~cjlin/libsvm/}",
}

@misc{svdd,
  author = {Wei-Cheng Chang and Ching-Pei Lee and Chih-Jen Lin},
  title = {A Revisit to Support Vector Data Description},
  howpublished = "\url{http://www.csie.ntu.edu.tw/~cjlin/papers/svdd.pdf}",
  year = {2013}
  %note = "[Online; accessed 5-June-2015]"
}
@inproceedings{song2013one,
  title={One-class conditional random fields for sequential anomaly detection},
  author={Song, Yale and Wen, Zhen and Lin, Ching-Yung and Davis, Randall},
  booktitle={Proc. of IJCAI},
  year={2013},
}
@inproceedings{jiang2013anomaly,
  title={Anomaly detection via one class svm for protection of scada systems},
  author={Jiang, Jianmin and Yasakethu, Lasith},
  booktitle={Proc. of IEEE CyberC},
  pages={82--88},
  year={2013},
  organization={IEEE}
}
@inproceedings{emmott2013systematic,
  title={Systematic construction of anomaly detection benchmarks from real data},
  author={Emmott, Andrew F and Das, Shubhomoy and Dietterich, Thomas and Fern, Alan and Wong, Weng-Keen},
  booktitle={Proceedings of the ACM SIGKDD Workshop on Outlier Detection and Description},
  pages={16--21},
  year={2013},
  organization={ACM}
}
@inproceedings{xia2015effective,
  title={Effective real-time android application auditing},
  author={Xia, Mingyuan and Gong, Lu and Lyu, Yuanhao and Qi, Zhengwei and Liu, Xue},
  booktitle={IEEE S\&P},
  year={2015}
}

@misc{google-play,
  title = {Google Play},
  howpublished = "\url{https://play.google.com/store/apps}",
}

@misc{baidu-app,
  title = {Baidu App Market},
  howpublished = "\url{http://shouji.baidu.com/}",
}
@misc{uiautomator,
  title = {Andoird Testing Support Library},
  howpublished = "\url{https://developer.android.com/tools/testing-support-library/index.html}",
}
@misc{nathan@2015,
  title = {Android Devices at Risk From Privacy-Stealing Malware},
  author={Nathan Eddy},
  howpublished = "\url{http://www.eweek.com/small-business/android-devices-at-risk-from-privacy-stealing-malware.html}",
  year = {2015}
}
@misc{olenick@2015,
  howpublished = "\url{http://www.idc.com/prodserv/smartphone-os-market-share.jsp}",
}
@misc{numofapps,
  title = {Number of apps available in leading app stores as of July 2015},
  howpublished = "\url{http://www.statista.com/statistics/276623/number-of-apps-available-in-leading-app-stores/}",
  year = {2015}
}
@misc{tcpdump,
  howpublished = "\url{http://www.tcpdump.org/}",
}
@article{paturi2015introducing,
  title={Introducing Privacy Threats from Ad Libraries to Android Users Through Privacy Granules},
  author={Paturi, Anand and Kelley, Patrick Gage and Mazumdar, Subhasish},
  year={2015}
}
@misc{nltk,
  howpublished = "\url{http://www.nltk.org/index.html}",
}
@misc{jieba,
  howpublished = "\url{https://github.com/fxsjy/jieba}",
}
@inproceedings{li2015iccta,
  title={IccTA: detecting inter-component privacy leaks in android apps},
  author={Li, Li and Bartel, Alexandre and Bissyande, Tegawend{\'e} Fran{\c{c}}ois D Assise and Klein, Jacques and Le Traon, Yves and Arzt, Steven and Rasthofer, Siegfried and Bodden, Eric and Octeau, Damien and McDaniel, Patrick},
  booktitle={Proc. of ICSE},
  year={2015}
}
@article{forman2003extensive,
  title={An extensive empirical study of feature selection metrics for text classification},
  author={Forman, George},
  journal={The Journal of machine learning research},
  volume={3},
  pages={1289--1305},
  year={2003},
  publisher={JMLR. org}
}
@inproceedings{raghuramu2015uncovering,
  title={Uncovering the Footprints of Malicious Traffic in Cellular Data Networks},
  author={Raghuramu, Arun and Zang, Hui and Chuah, Chen-Nee},
  booktitle={Passive and Active Measurement},
  pages={70--82},
  year={2015},
  organization={Springer}
}
@misc{virustotal,
  title = {VirusTotal},
  howpublished = "\url{https://www.virustotal.com/}",
}

@article{hoffmann2007kernel,
  title={Kernel PCA for novelty detection},
  author={Hoffmann, Heiko},
  journal={Pattern Recognition},
  volume={40},
  number={3},
  pages={863--874},
  year={2007},
  publisher={Elsevier}
}